@book{weinberg2008cosmology,
  title={Cosmology},
  author={Weinberg, S.},
  isbn={9780191523601},
  series={Cosmology},
  url={https://books.google.no/books?id=nqQZdg020fsC},
  year={2008},
  publisher={OUP Oxford}
}

@book{dodelson2020modern,
  title={Modern Cosmology},
  author={Dodelson, S. and Schmidt, F.},
  isbn={9780128159484},
  lccn={2020936396},
  url={https://books.google.no/books?id=GGjfywEACAAJ},
  year={2020},
  publisher={Elsevier Science}
}
